@Book{powers,
  author	= {Shelley Powers},
  title		= {Adding Ajax},
  publisher	= {O'Reilly},
  address	= {Beijing},
  year		= 2007,
  edition	= 1,
  URL		= {http://0-proquestcombo.safaribooksonline.com.innopac.up.ac.za/book/web-development/ajax/9780596529369},
  note		= {[24 May 2016]}
}
@Manual{d3,
  title		= {D3: Data Driven Documents},
  author	= {Mike Bostock},
  year		= {2015},
  URL		= {https://d3js.org/},
  note		= {[13 May 2016]}}

@Manual{plotly,
  author	= {Plotly},
  title		= {Plotly: an interactive, browser-based charting library for python},
  year		= {2016},
  URL		= {https://github.com/plotly/plotly.py},
  note		={[13 May 2016]}}

@Manual{mpld3,
  title		= {mplD3: Bringing Matplotlib to the Browser},
  author	= {mplD3 developers},
  year		= {2014},
  url		= {http://mpld3.github.io/},
  note		= {[13 May 2016]}}

@Manual{bokeh,
title 		= {Bokeh: Python library for interactive visualization},
author 		= {{Bokeh Development Team}},
year 		= {2014},
url 		= {http://www.bokeh.pydata.org},
note		= {[8 May 2016]}}

@Book{svgCanvas,
  author	= {Tiffany B Brown and Kerry Butters and Sandeep Panda},
  title		= {Jump Start HTML5},
  publisher	= {SitePoint},
  address	= {Collingwood},
  year		= {2014},
  edition	= 1,
  URL		= {http://0-proquestcombo.safaribooksonline.com.innopac.up.ac.za/book/web-development/html/9781457174339},
  note		= {[12 May 2016]}}

@Book{snoyman,
  author	= {Michael Snoyman},
  title		= {Developing Web Apps with Haskell and Yesod},
  publisher	= {O'Reilly},
  address	= {Beijing},
  year		= 2015,
  edition	= 2,
  URL		= {http://0-proquestcombo.safaribooksonline.com.innopac.up.ac.za/book/web-development/9781491915585},
  note		= {[12 May 2016]}}

@Book{zhu,
  author	= {Nick Qi Zhu},
  title		= {Data Visualization with D3.js Cookbook},
  publisher	= {Packt Publishing},
  address	= {Birmingham},
  year		= 2013,
  edition	= 1,
  URL		= {http://0-proquestcombo.safaribooksonline.com.innopac.up.ac.za/book/graphic-design/9781782162162},
  note		= {[8 May 2016]}
}

@Book{dewar,
  author	= {Mike Dewar},
  title		= {Getting Started with D3},
  publisher	= {O'Reilly},
  address	= {Beijing},
  year		= 2012,
  edition	= 1
}

@Book{jones,
  author	= {Darren Jones},
  title		= {JavaScript: Novice to Ninja},
  publisher	= {SitePoint},
  address	= {Collingwood},
  year		= 2014,
  edition	= 1,
  URL		= {http://0-proquestcombo.safaribooksonline.com.innopac.up.ac.za/book/programming/javascript/9781457192661},
  note		= {[8 May 2016]}}

@Book{grinberg,
  author	= {Miguel Grinberg},
  title		= {Flask Web Development},
  publisher	= {O'Reilly},
  address	= {Beijing},
  year		= 2014,
  edition	= 1,
  URL		= {http://0-proquestcombo.safaribooksonline.com.innopac.up.ac.za/book/programming/python/9781491947586},
  note		= {[8 May 2016]}}

@Misc{flask,
  author	= {Armin Ronacher},
  title		= {Flask: a micro webdevelopment framework for Python},
  year		= {2016},
  URL		= {http://flask.pocoo.org/docs/0.10/},
  note		= {[8 May 2016]}}

@Misc{jjinja2,
  author	= {Armin Ronacher},
  title		= {Jjinja2: a templating engine for Python},
  year		= {2008},
  URL		= {http://jinja.pocoo.org/docs/dev/},
  note		= {[24 May 2016]}}

@unpublished{oos_wil,
  author	= {Eduan Oosthuizen and Ruan Williams},
  title		= {Interactive time-series data analysis using a web application},
  year		= 2016}

@Misc{pycharm,
  author	= {JetBrains},
  title		= {PyCharm: Python IDE for Professional Developers},
  year		= 2016,
  URL		= {https://www.jetbrains.com/pycharm/?fromMenu},
  note		= {[8 May 2016]}}

@Book{git,
  author	= {Scott Chacon and Ben Straub},
  title		= {Pro Git},
  publisher	= {Apress},
  address	= {New York City},
  year		= {2014},
  edition	= 2}

@Misc{codecademy,
  author	= {Codecademy},
  title		= {About codecademy},
  year		= 2016,
  URL		= {https://www.codecademy.com/about},
  note		= {[8 May 2016]}}

@Book{lubanovic,
  author	= {Bill Lubanovic},
  title		= {Introducing Python},
  publisher	= {O'Reilly},
  address	= {Beijing},
  year		= 2014,
  edition	= 1,
  URL		= {http://0-proquestcombo.safaribooksonline.com.innopac.up.ac.za/book/programming/python/9781449361167},
  note		= {[8 May 2016]}}

@Book{rauschmayer,
  author	= {Axel Rauschmayer},
  title		= {Speaking JavaScript},
  publisher	= {O'Reilly},
  address	= {Beijing},
  year		= 2015,
  edition	= 2,
  URL		= {http://0-proquestcombo.safaribooksonline.com.innopac.up.ac.za/book/programming/javascript/9781449365028},
  note		= {[8 May 2016]}}

@Book{larsen,
  author	= {Rob Larsen},
  title		= {Beginning HTML and CSS},
  publisher = {Wrox},
  year		= 2013,
  edition	= 1,
  URL		= {http://0-proquestcombo.safaribooksonline.com.innopac.up.ac.za/book/web-development/9781118416518},
  note		= {[8 May 2016]}}

@Book{itl,
  author	= "{ITL Education Solutions Limited Research and Development Wing}",
  title 	= {Introduction to Information Technology},
  publisher	= {Pearson},
  year		= 2012,
  address	= {Delhi},
  edition	= 2,
  URL		= {http://0-proquestcombo.safaribooksonline.com.innopac.up.ac.za/book/information-technology-and-software-development/9789332525146},
  note		= {[8 May 2016]}}